@article{romer1990,
    author =       "Paul M Romer",
    title =        "Endogenous Technological Change",
    journal =      "Journal of Political Economy",
    volume =       "98",
    number =       "5",
    pages =        "71--102",
    year =         "1990",
    DOI =           "https://web.stanford.edu/~klenow/Romer_1990.pdf",
}

@article{hsieh2009,
    author =       "Chang-Tai Hsieh and Peter J. Klenow",
    title =        "Misallocation and Manufacturing TFP in China and India",
    journal =      "The Quarterly Journal of Economics",
    volume =       "124",
    number =       "4",
    pages =        "1403--1448",
    year =         "2009",
    DOI =           "https://www.jstor.org/stable/40506263",
}

@article{becker2014,
    author =       "Becker, Sascha O. and Boeckh, Katrin and Hainz, Christa and Woessmann, Ludger",
    title =        "The Empire Is Dead, Long Live the Empire! Long-Run Persistence of Trust and Corruption in the Bureaucracy",
    journal =      "The Economic Journal",
    volume =       "126",
    number =       "590",
    pages =        "40--74",
    year =         "2014",
    DOI =           "https://doi.org/10.1111/ecoj.12220",
}

@article{acemoglu2001,
    author =       "Acemoglu, Daron and Johnson, Simon and Robinson, James A.",
    title =        "The Colonial Origins of Comparative Development: An Empirical Investigation",
    journal =      "American Economic Review",
    volume =       "91",
    number =       "5",
    pages =        "1369--1401",
    year =         "2001",
    DOI =          "10.1257/aer.91.5.1369",
}